<?xml version="1.0" encoding="UTF-8"?><record xmlns="http://www.loc.gov/MARC21/slim" xmlns:cinclude="http://apache.org/cocoon/include/1.0" xmlns:zs="http://www.loc.gov/zing/srw/">
  <leader>00476nz  a2200145n  4500</leader>
  <controlfield tag="001">no2011001915</controlfield>
  <controlfield tag="003">DLC</controlfield>
  <controlfield tag="005">20110107075254.0</controlfield>
  <controlfield tag="008">110105n| acannaabn          |n aaa     c</controlfield>
  <datafield tag="010" ind1=" " ind2=" ">
    <subfield code="a">no2011001915</subfield>
  </datafield>
  <datafield tag="035" ind1=" " ind2=" ">
    <subfield code="a">(OCoLC)oca08730307</subfield>
  </datafield>
  <datafield tag="040" ind1=" " ind2=" ">
    <subfield code="a">IlMchBWI</subfield>
    <subfield code="b">eng</subfield>
    <subfield code="c">IlMchBWI</subfield>
  </datafield>
  <datafield tag="100" ind1="1" ind2=" ">
    <subfield code="a">Festa, Enza Emira</subfield>
  </datafield>
  <datafield tag="670" ind1=" " ind2=" ">
    <subfield code="a">Her La grande fuga delle lettere, 2010:</subfield>
    <subfield code="b">t.p. (Enza Emira Festa) p. 1 (journalist, children's author)</subfield>
  </datafield>
  <datafield tag="670" ind1=" " ind2=" ">
    <subfield code="a">Personal website, Jan. 5, 2011</subfield>
    <subfield code="b">(lives in Rome, Italy)</subfield>
  </datafield>
</record>